@MISC{amr_sembank,
    author = {Laura Banarescu and Claire Bonial and Shu Cai and Madalina Georgescu and Kira Griffitt and Ulf Hermjakob and Kevin Knight and Philipp Koehn and Martha Palmer and Nathan Schneider},
    title = {Abstract Meaning Representation for Sembanking},
    year = {}
}
